%% This BibTeX bibliography file was created using BibDesk.
%% http://bibdesk.sourceforge.net/


%% Created for F. Javier Payán Somet at 2012-07-24 11:56:46 -0400 


%% Saved with string encoding Unicode (UTF-8) 



@webpage{koma,
	Author = {Markus Kohm},
	Date-Added = {2012-07-24 15:53:27 +0000},
	Date-Modified = {2012-07-24 15:56:46 +0000},
	Month = {May},
	Title = {A bundle of versatile classes and packages},
	Url = {http://www.ctan.org/pkg/koma-script/},
	Urldate = {http://www.ctan.org/pkg/koma-script/},
	Year = {2012}}

@book{gratzer,
	Author = {George Gr{\"a}tzer},
	Date-Added = {2012-07-24 15:49:23 +0000},
	Date-Modified = {2012-07-24 15:52:28 +0000},
	Edition = {4},
	Publisher = {Springer},
	Title = {More Math Into LaTeX},
	Year = {2007}}

@book{Hernando08,
	Author = {Jos{\'e} Mar{\'\i}a Hernando-R{\'a}banos},
	Date-Added = {2011-08-24 10:08:06 +0200},
	Date-Modified = {2011-08-24 10:08:58 +0200},
	Edition = {6ª},
	Publisher = {Ed. Ram{\'o}n Areces},
	Title = {Transmisi{\'o}n por radio},
	Year = {2008}}

@book{Murillo07,
	Author = {Juan Jos{\'e} Murillo-Fuentes},
	Edition = {1ª},
	Publisher = {Ed. ETSI. Universidad de Sevilla},
	Title = {Fundamentos de Radiaci{\'o}n y Radiocomunicaci{\'o}n},
	Year = {2007}}

@book{Rappaport,
	Author = {T. Rappaport},
	Optedition = {1ª},
	Title = {Wireless Communications: Principles and Practice},
	Year = {2003}}

@book{Steele,
	Author = {R. Steele},
	Optedition = {1ª},
	Publisher = {Pentech Press},
	Title = {Mobile radio communications},
	Year = {1992}}

@book{Cardama,
	Author = {A. Cardama-Aznar and L. Cofre-Roca and J. M. Rius-Casals and J. Romeu-Robert and S. Blanch-Boris and Miguel Ferrando-Bataller.},
	Optedition = {1ª},
	Publisher = {Edicions Universidat Polit{\`e}cnica de Catalunya},
	Title = {Antenas},
	Year = {2000}}

@book{Sierra,
	Author = {M. Sierra-P{\'e}rez and Bel{\'e}n Galocha-Irag{\"u}en and Jos{\'e} Luis Fern{\'a}ndez-Jambrina and Manuel Sierra-Casta{\~n}er},
	Optedition = {1ª},
	Publisher = {Pearson-Prentice Hall},
	Title = {Electr{\'o}nica de comunicaciones},
	Year = {2003}}

@book{Freeman,
	Author = {R.L. Freeman},
	Optedition = {1ª},
	Publisher = {John Wiley},
	Title = {Radio System Design for Telecommunications (1-100 {G}Hz)},
	Year = {1987}}

@book{Lehpamer,
	Author = {Harvey Lehpamer},
	Optedition = {1ª},
	Publisher = {McGraw-Hill Professional Engineering},
	Title = {Microwave Transmission Networks},
	Year = {2004}}

@book{Kraus,
	Author = {John D. Kraus and Ronald J. Marhefka},
	Optedition = {1ª},
	Publisher = {McGraw-Hill},
	Title = {Antennas For All Applications},
	Year = {2002}}

@book{Sendin,
	Author = {Alberto Send{\'\i}n-Escalona},
	Optedition = {1ª},
	Publisher = {McGraw-Hill},
	Title = {Fundamentos de los sistemas de comunicaciones m{\'o}viles},
	Year = {2004}}

@book{Du,
	Author = {Ke-Lin Du and M. N. S. Swamy},
	Optedition = {1ª},
	Publisher = {Cambridge Press},
	Title = {Wireless Communication Systems: From RF Subsystems to 4G Enabling Technologies},
	Year = {2010}}

@electronic{moser,
	Author = {Stefan M. Moser},
	Date-Added = {2012-03-09 11:01:27 +0000},
	Date-Modified = {2012-07-24 15:48:49 +0000},
	Month = {February},
	Organization = {Institute of Communication Engineering},
	Title = {How to Typeset Equations in LaTeX},
	Url = {http://moser.cm.nctu.edu.tw/manuals.html#eqlatex},
	Urldate = {http://moser.cm.nctu.edu.tw/manuals.html#eqlatex},
	Year = {2012}}

@book{oppenheim,
	Author = {A.V. Oppenheim and R.W. Schafer},
	Date-Added = {2010-03-19 12:26:16 +0100},
	Date-Modified = {2010-03-19 12:29:07 +0100},
	Edition = {1},
	Publisher = {Prentice Hall, Inc.},
	Title = {Discrete-Time Signal Processing},
	Year = {1989}}

@book{wiener,
	Author = {N. Wiener},
	Date-Added = {2009-03-03 15:36:09 +0100},
	Date-Modified = {2011-03-28 12:46:04 +0200},
	Edition = {Reimpresi{\'o}n del trabajo original publicado en el MIT en 1942},
	Publisher = {New York: Wiley},
	Title = {Extrapolation, Interpolation, and Smoothing of Stationary Time Series, with Engineering Applications.},
	Year = {1949}}
